@online{P&D_MIT_crypto,
	title        = {MIT: Crypto Pump-and-Dumps See \$7 Million in Volume Every Day},
	organization = {Cryptocurrency News},
	date         = {2018-12-05},
	urldate      = {2019-01-15},
	url          = {https://www.ccn.com/mit-crypto-pump-and-dumps-see-7-million-in-volume-every-day/},
	keywords     = {Pump-and-Dump, cryptocurrency},
}

@online{P&D_cointelegraph,
	title        = {Pump and Dump in Crypto: Cases, Measures, Warnings},
	organization = {Cointelegraph},
	date         = {2018-11-24},
	urldate      = {2019-01-15},
	url          = {https://cointelegraph.com/news/pump-and-dump-in-crypto-cases-measures-warnings},
	keywords     = {Pump-and-Dump, cryptocurrency},
}

@online{P&D_the_outline,
	title        = {Inside the group chats where people pump and dump cryptocurrency},
	organization = {The Outline},
	date         = {2018-01-23},
	urldate      = {2019-01-15},
	url          = {https://theoutline.com/post/3074/inside-the-group-chats-where-people-pump-and-dump-cryptocurrency?zd=1&zi=n3jct6pm},
	keywords     = {Pump-and-Dump, cryptocurrency},
}

@online{P&D_WSJ,
	title        = {Traders Are Talking Up Cryptocurrencies, Then Dumping Them, Costing Others Millions},
	organization = {The Wall Street Journal},
	date         = {2018-08-05},
	urldate      = {2019-01-15},
	url          = {https://www.wsj.com/graphics/cryptocurrency-schemes-generate-big-coin/},
	keywords     = {Pump-and-Dump, cryptocurrency},
}

@online{P&D_avoid_getting_duped,
	title        = {How to avoid getting duped by cryptocurrency ‘pump and dump’ schemes (like I did)},
	organization = {The Next Web},
	date         = {2018-03-15},
	urldate      = {2019-01-16},
	url          = {https://thenextweb.com/contributors/2018/03/15/avoid-getting-duped-cryptocurrency-pump-dump-schemes-like/},
	keywords     = {Pump-and-Dump, cryptocurrency},
}

@online{P&D_here_is_how,
	title        = {Here’s How Scammers Are Using Fake News To Screw With Bitcoin Investors},
	organization = {BuzzFeed News},
	date         = {2018-01-18},
	urldate      = {2019-01-16},
	url          = {https://www.buzzfeednews.com/article/ryanmac/heres-how-scammers-are-using-fake-news-to-screw-with-bitcoin},
	keywords     = {Pump-and-Dump, cryptocurrency},
}

@online{P&D_how_to_spot,
	title        = {How To Spot A Pump And Dump (And Avoid It)},
	organization = {BuzzFeed News},
	date         = {2018-02-17},
	urldate      = {2019-01-16},
	url          = {https://cryptobriefing.com/how-to-spot-a-pump-and-dump-avoid/},
	keywords     = {Pump-and-Dump, cryptocurrency},
}

@online{cryptocurrency_market_cap,
	title        = {Cryptocurrency Market Capitalization: What Is It? How Do You Use It?},
	organization = {Coin Central},
	date         = {2018-08-02},
	urldate      = {2019-01-16},
	url          = {https://coincentral.com/cryptocurrency-market-capitalization/},
	keywords     = {cryptocurrency, capitalization},
}

@online{investopedia_cryptocurrency,
    title        = {Cryptocurrency},
    organization = {Investopedia},
	date         = {2019-02-19},
	urldate      = {2019-02-20},
	url          = {https://www.investopedia.com/terms/c/cryptocurrency.asp},
}

@online{coinmarketcap,
    title        = {Top 100 Cryptocurrencies by Market Capitalization},
    organization = {CoinMarketCap},
	date         = {2019-02-20},
	urldate      = {2019-02-20},
	url          = {https://coinmarketcap.com/},
}

@online{invest_currencypair,
    title        = {Currency Pair Definition},
    organization = {Investopdia},
	date         = {2019-02-19},
	urldate      = {2019-03-07},
	url          = {https://www.investopedia.com/terms/c/currencypair.asp},
}

@online{invest_order_book,
    title        = {Order Book},
    organization = {Investopdia},
	date         = {2019-03-06},
	urldate      = {2019-03-11},
	url          = {https://www.investopedia.com/terms/o/order-book.asp},
}

@online{coincodex_order_book,
    title        = {How to Read an Exchange Order Book?},
    organization = {Coincodex},
	date         = {2018-08-06},
	urldate      = {2019-03-06},
	url          = {https://coincodex.com/article/2236/how-to-read-an-exchange-order-book/},
}

@online{investopedia_depth,
    title        = {Depth of Market – DOM Definition},
    organization = {Investopdia},
	date         = {2019-02-12},
	urldate      = {2019-03-06},
	url          = {https://www.investopedia.com/terms/d/depth-of-market.asp},
}

@online{bitcoin_power,
	title        = {Bitcoin Energy Consumption Index},
	organization = {Digiconomist},
	date         = {2018-12-03},
	urldate      = {2018-12-03},
	url          = {https://digiconomist.net/bitcoin-energy-consumption},
}

@online{bitcoin_verification_1,
	title        = {How Long do Bitcoin Transactions Take?},
	organization = {Coin Central},
	date         = {2017-12-12},
	urldate      = {2019-03-13},
	url          = {https://coincentral.com/how-long-do-bitcoin-transfers-take/},
}

@online{bitcoin_verification_2,
	title        = {Bitcoin Confirmations},
	organization = {Buy Bitcoin Worldwide},
	date         = {2019-01-01},
	urldate      = {2019-03-13},
	url          = {https://www.buybitcoinworldwide.com/confirmations/},
}

@online{fiat,
	title        = {Definition of fiat money},
	organization = {Lexicon},
	date         = {2014-06-01},
	urldate      = {2018-12-06},
	url          = {http://lexicon.ft.com/Term?term=fiat-money},
	keywords     = {fiat money},
}

@online{norton_rose,
	title        = {Cryptocurrency exchanges and custody providers: International regulatory developments},
	organization = {Norton Rose Fulbright},
	year         = {2018},
	month        = {10},
	urldate      = {2019-03-13},
	url          = {https://www.nortonrosefulbright.com/en/knowledge/publications/e383ade6/cryptocurrency-exchanges-and-custody-providers-international-regulatory-developments},
}

@online{coinmarketcap_exchange,
	title        = {Cryptocurrency Exchanges by Trade Volume (Page 3) },
	organization = {CoinMarketCap},
	date         = {2019-03-13},
	urldate      = {2019-03-13},
	url          = {https://coinmarketcap.com/rankings/exchanges/3},
}

@online{exchange_scammers,
	title        = {Beware of These 9 Cryptocurrency Scams},
	organization = {HackerNoon},
	date         = {2010-01-20},
	urldate      = {2019-03-13},
	url          = {https://hackernoon.com/beware-of-these-cryptocurrency-scams-f49ef9b18a5d},
}

@online{exchange_best_1,
	title        = {Best Cryptocurrency Exchanges: In-Depth Review 2019},
	organization = {Toshi Times},
	month        = {1},
	year         = {2019},
	urldate      = {2019-03-13},
	url          = {https://toshitimes.com/best-cryptocurrency-exchange-2019/},
}

@online{exchange_best_2,
	title        = {10 Best Cryptocurrency Exchanges for Crypto Trading in 2019},
	organization = {Coin Switch},
	date         = {2019-02-27},
	urldate      = {2019-03-13},
	url          = {https://coinswitch.co/news/10-best-cryptocurrency-exchanges-for-crypto-trading-in-2019},
}

@online{exchange_off_chain,
	title        = {Crypto Startup Wants You to Trade on Exchanges Without Trusting Them},
	organization = {Coindesk},
	date         = {2019-01-28},
	urldate      = {2019-03-14},
	url          = {https://www.coindesk.com/crypto-startup-wants-you-to-trade-on-exchanges-without-trusting-them},
}


@online{exchange_scammers_2,
	title        = {Wash Trading: How Crypto Exchanges are Faking 67\% of Trade Volume},
	organization = {Blog Cotten},
	date         = {2018-12-16},
	urldate      = {2019-03-14},
	url          = {https://blog.cotten.io/wash-trading-how-crypto-exchanges-are-faking-67-of-trade-volume-19ba61cbad4},
}

@online{exchange_api,
	title        = {What is API trading and how is it applied to crypto?},
	organization = {Brave Newcoin},
	date         = {2018-06-10},
	urldate      = {2019-03-15},
	url          = {https://bravenewcoin.com/insights/what-is-api-trading-and-how-is-it-applied-to-crypto},
}

@online{blockonomi,
	title        = {Pump and Dump Schemes: How They Work in Cryptocurrency},
	organization = {Blockonomi},
	date         = {2018-04-13},
	urldate      = {2019-03-16},
	url          = {https://blockonomi.com/pump-and-dump/},
}

@online{coinsutra,
	title        = {Decentralized Crypto Exchanges vs Centralized Exchanges Like Binance, Bittrex},
	organization = {Coinsutra},
	date         = {2018-10-13},
	urldate      = {2019-03-17},
	url          = {https://coinsutra.com/decentralized-vs-centralized-crypto-exchange/},
}

@online{redhat,
	title        = {Sliding Time Windows},
	organization = {Redhat},
	date         = {2019-03-06},
	urldate      = {2019-03-17},
	url          = {https://access.redhat.com/documentation/en-us/jboss_enterprise_brms_platform/5/html/brms_complex_event_processing_guide/sect-sliding_time_windows},
}

@online{cryptopia_breach_1,
	title        = {Investigation involving crypto-currency company},
	organization = {New Zealand Police},
	date         = {2019-01-15},
	urldate      = {2019-03-18},
	url          = {https://www.police.govt.nz/news/release/investigation-involving-crypto-currency-company},
}

@online{cryptopia_breach_2,
	title        = {Cryptopia},
	organization = {CoinMarketCap},
	date         = {2019-03-18},
	urldate      = {2019-03-18},
	url          = {https://coinmarketcap.com/exchanges/cryptopia/},
}

@online{yobit_twitter,
	title        = {YoBit.net},
	organization = {Twitter},
	date         = {2019-03-18},
	urldate      = {2019-03-18},
	url          = {https://twitter.com/YobitExchange},
}

@online{yobit_fake_1,
	title        = {YOBIT.NET S.C.A.M},
	organization = {Bitcoin Forum},
	date         = {2017-10-17},
	urldate      = {2019-03-18},
	url          = {https://bitcointalk.org/index.php?topic=2270824.0},
}

@online{yobit_fake_2,
	title        = {Yobit Accused of selling 'Fake' Altcoins},
	organization = {CryptoDigest},
	date         = {2018-10-15},
	urldate      = {2019-03-18},
	url          = {https://www.cryptodigest.com/news/44442/yobit-accused-of-selling-fake-altcoins-201810151947},
}

@online{yobit_fake_3,
	title        = {Do not use YOBIT exchange. Fraud Fake Coins! YOBITGOX? Warning},
	organization = {Steemit},
	date         = {2017-05-08},
	urldate      = {2019-03-18},
	url          = {https://steemit.com/cryptocurrency/@zhanmusi/do-not-use-yobit-exchange-fraud-fake-coins-yobitgox-warning},
}

@online{yobit_market,
	title        = {Market},
	organization = {YObit},
	date         = {2019-03-18},
	urldate      = {2019-03-18},
	url          = {https://yobit.net/en/market/},
}







@article{trans_fee,
	author   = {Peter R. Rizun},
	title    = {A Transaction Fee Market Exists Without a Block Size Limit},
	date     = {2015-08-04},
}

@article{trends_fee,
	author   = {Malte Möser and Rainer Böhme},
	title    = {Trends, Tips, Tolls: A longitudinal Study of Bitcoin Transaction Fees},
	journal  = {International Financial Cryptography Association 2015},
	date     = {2015-01-01},
}

@article{computing_as_a_discipline,
	author   = {Peter j. Denning and Douglas E. Comer and David Gries and Michael C. Mulder and Allen Tucker and A. Joe Turner and Paul R. Young},
	title    = {Computing as a Discipline},
	journal  = {Communication of the ACM},
	pages    = {9--23},
	volume   = 32,
	month    = jan,
	date     = 1989
}

@article{P&D_anatomy,
    title   = {The Anatomy of a Cryptocurrency Pump-and-Dump Scheme},
    author  = {Jiahua Xu and Benjamin Livshits},
    date    = {2018-11-25},
}

@article{P&D_to_the_moon,
	title   = {To the moon: defining and detecting cryptocurrency pump-and-dumps},
	author  = {Kamps Josh and Kleinberg Bennett},
	journal = {Crime Science},
	date    = {2018-11-26},
}

@article{P&D_stock_price_manipulation,
	title   = {Stock Price Manipulation Detection using a Computational Neural Network Model},
	author  = {Teema Leangarun and Poj Tangamchit and Suttipong Thajchayapong},
	journal = {international conference on advanced computational intelligence},
	date    = {2016-02-14},
}

@article{bitcoin,
	author   = {Sotoshi Nakamoto},
	title    = {Bitcoin: A Peer-to-Peer Electronic Cash System},
	month    = {03},
	year     = {2009},
}

@article{bitcoin_regulation,
	author   = {Anastasia Sotiropoulou and Dominique Guégan},
	title    = {Bitcoin and the challenges for financial regulation},
	journal  = {Capital Markets Law Journal},
	volume   = {12},
	pages    = {466--479},
	date     = {2017-09-14},
}

@article{stock_temple,
	author   = {Simon Temple},
	title    = {Cybertrading: Financial Markets and the Internet},
	journal  = {Australian Law Librarian},
	volume   = {8},
	pages    = {337--345},
	year     = {2000},
}

@article{stock_dugan,
	author   = {Benedict Dugan and Bob Dugan},
	title    = {The Internet and the Law},
	journal  = {Commerical Matters},
	year     = {2002},
	volume   = {33},
	pages    = {433--466},
	year     = {2002},
}

@article{stock_bouraoui,
    title   = {Stock Spams:An Empirical Study On Penny Stock Market},
    author  = {Taoufik Bouraoui},
    pages   = {292--305},
    journal = {International Review of Business Research Papers},
    volume  = {5},
    month   = {06},
    year    = {2009},
}

@article{dos,
    title   = {Application of anomaly detection algorithms for detecting SYN flooding attacks},
    author  = {Vasilios A. Siris and Fotini Papagalou},
    pages   = {1433--1442},
    journal = {Computer Communication},
    volume  = {29},
    year    = {2006},
}

@article{label_noise,
    title   = {A Comprehensive Introduction to Label Noise},
    author  = {Benoît Frénay and Ata Kabán},
    pages   = {667--676},
    journal = {European Symposium on Artificial Neural Network},
    date    = {2014-04-23},
}



@article{ethereum_white,
	author   = {Vitalik Buterin},
	title    = {Ethereum White Paper},
}


@book{bitcoin_book,
	author       = {Arvind Narayanan and Joseph Bonneau and Edward Felten and Andrew Miller and Steven Goldfeder},
	booktitle    = {Bitcoin And Cryptocurrency Technologies},
	publisher    = {Princeton University Press},
	page         = {11},
	year         = {2016},
	isbn         = {978-0-691-17169-2}, 
	keywords     = {bitcoin, cryptocurrency, blockchain},
}